<record><leader>00000cas a2200000 a 4500</leader><controlfield tag="001">42439717</controlfield><controlfield tag="008">990927d188718uuiluwr ne      0   a0eng c</controlfield><datafield ind1=" " ind2=" " tag="010"><subfield code="a">sn 99064064 </subfield></datafield><datafield ind1=" " ind2=" " tag="040"><subfield code="a">NVF</subfield><subfield code="b">eng</subfield><subfield code="c">NVF</subfield><subfield code="d">OCLCQ</subfield><subfield code="d">OCLCF</subfield><subfield code="d">OCLCO</subfield><subfield code="d">NVF</subfield></datafield><datafield ind1=" " ind2=" " tag="042"><subfield code="a">pcc</subfield></datafield><datafield ind1=" " ind2=" " tag="043"><subfield code="a">n-us-il</subfield></datafield><datafield ind1="0" ind2="4" tag="245"><subfield code="a">The Normal weekly advocate.</subfield></datafield><datafield ind1="1" ind2="3" tag="246"><subfield code="a">Normal advocate</subfield></datafield><datafield ind1=" " ind2=" " tag="260"><subfield code="a">Normal, Ill. :</subfield><subfield code="b">Creed &amp; Lasswell</subfield></datafield><datafield ind1=" " ind2=" " tag="300"><subfield code="a">v.</subfield></datafield><datafield ind1=" " ind2=" " tag="310"><subfield code="a">Weekly</subfield></datafield><datafield ind1="1" ind2=" " tag="362"><subfield code="a">Began in 1887?</subfield></datafield><datafield ind1=" " ind2=" " tag="588"><subfield code="a">Description based on: Vol. 1, no. 40 (Dec. 24, 1887).</subfield></datafield><datafield ind1=" " ind2=" " tag="588"><subfield code="a">Latest issue consulted: Vol. 1, no. 40 (Dec. 24, 1887).</subfield></datafield><datafield ind1=" " ind2="0" tag="651"><subfield code="a">Normal (Ill.)</subfield><subfield code="v">Newspapers.</subfield></datafield><datafield ind1=" " ind2="7" tag="651"><subfield code="a">Illinois</subfield><subfield code="z">Normal.</subfield><subfield code="2">fast</subfield><subfield code="0">(OCoLC)fst01208903</subfield></datafield><datafield ind1=" " ind2="7" tag="655"><subfield code="a">Newspapers.</subfield><subfield code="2">fast</subfield><subfield code="0">(OCoLC)fst01423814</subfield></datafield><datafield ind1=" " ind2=" " tag="752"><subfield code="a">United States</subfield><subfield code="b">Illinois</subfield><subfield code="c">McLean</subfield><subfield code="d">Normal.</subfield></datafield><datafield ind1="0" ind2="0" tag="785"><subfield code="t">Normal advocate</subfield><subfield code="w">(DLC)sn 99064065</subfield><subfield code="w">(OCoLC)42439734</subfield></datafield><datafield ind1="1" ind2=" " tag="029"><subfield code="a">AU@</subfield><subfield code="b">000021094908</subfield></datafield></record>